@ARTICLE{McGabe76,
  author={McCabe, T.J.},
  journal={Software Engineering, IEEE Transactions on},
  title={A Complexity Measure},
  year={1976},
  volume={SE-2},
  number={4},
  pages={308-320},
  keywords={Basis;complexity measure;control flow;decomposition;graph theory;independence;linear;modularization;programming;reduction;software;testing;Fluid flow measurement;Graph theory;Linear programming;National security;Software engineering;Software maintenance;Software measurement;Software systems;Software testing;System testing;Basis;complexity measure;control flow;decomposition;graph theory;independence;linear;modularization;programming;reduction;software;testing},
  doi={10.1109/TSE.1976.233837},
  ISSN={0098-5589},
  month={Dec}
}

@ARTICLE{CK94,
author={Chidamber, S.R. and Kemerer, C.F.},
journal={Software Engineering, IEEE Transactions on},
title={A metrics suite for object oriented design},
year={1994},
volume={20},
number={6},
pages={476-493},
keywords={object-oriented methods;object-oriented programming;software metrics;automated data collection tool;measurement principles;metrics suite;object oriented design;object oriented programming;organization;process improvement;software development;software measures;Application software;Engineering management;Information management;Information technology;Ontologies;Programming;Software development management;Software engineering;Software measurement;Technology management},
doi={10.1109/32.295895},
ISSN={0098-5589},
month={Jun}
}

@article{CK91,
 author = {Chidamber, Shyam R. and Kemerer, Chris F.},
 title = {Towards a Metrics Suite for Object Oriented Design},
 journal = {SIGPLAN Not.},
 issue_date = {Nov. 1991},
 volume = {26},
 number = {11},
 month = nov,
 year = {1991},
 issn = {0362-1340},
 pages = {197--211},
 numpages = {15},
 url = {http://doi.acm.org/10.1145/118014.117970},
 doi = {10.1145/118014.117970},
 acmid = {117970},
 publisher = {ACM},
 address = {New York, NY, USA}
}

@ARTICLE{SK03,
author={Subramanyam, R. and Krishnan, M.S.},
journal={Software Engineering, IEEE Transactions on},
title={Empirical analysis of CK metrics for object-oriented design complexity: implications for software defects},
year={2003},
volume={29},
number={4},
pages={297-310},
keywords={object-oriented programming;program debugging;software metrics;C++;CK metric analysis;Java;OO design complexity metrics;object-oriented design complexity;software defect determination;software defects;software development;software quality;Application software;Computer industry;Computer languages;Industrial control;Java;Productivity;Programming;Size control;Software design;Software quality},
doi={10.1109/TSE.2003.1191795},
ISSN={0098-5589},
month={April}
}

@ARTICLE{GKMS00,
author={Graves, T.L. and Karr, A.F. and Marron, J.S. and Siy, H.},
journal={Software Engineering, IEEE Transactions on},
title={Predicting fault incidence using software change history},
year={2000},
volume={26},
number={7},
pages={653-661},
keywords={management of change;software fault tolerance;software maintenance;software metrics;change history;change management data;code decay;fault incidence;fault potential;metrics;software change history;statistical analysis;Aging;Degradation;History;Length measurement;Predictive models;Software development management;Software measurement;Software systems;Statistical analysis;Time measurement},
doi={10.1109/32.859533},
ISSN={0098-5589},
month={Jul}
}

@ARTICLE{BBM96,
author={Basili, V.R. and Briand, L.C. and Melo, W.L.},
journal={Software Engineering, IEEE Transactions on},
title={A validation of object-oriented design metrics as quality indicators},
year={1996},
volume={22},
number={10},
pages={751-761},
keywords={C language;information systems;object-oriented languages;object-oriented methods;software maintenance;software metrics;software quality;C++ programming language;class maintenance changes;data set;fault-prone classes;information management systems;metric validation;object oriented analysis;object-oriented design metrics;sequential life cycle model;software development;software quality indicators;Computer languages;Costs;Design methodology;Object oriented modeling;Predictive models;Programming;Resource management;Software maintenance;Software systems;System testing},
doi={10.1109/32.544352},
ISSN={0098-5589},
month={Oct}
}

@ARTICLE{HM96, 
author={Hitz, M.},
journal={Software Engineering, IEEE Transactions on},
title={Chidamber and Kemerer's metrics suite: a measurement theory perspective},
year={1996},
volume={22},
number={4},
pages={267-271},
keywords={object-oriented methods;object-oriented programming;program testing;program verification;software metrics;empirical testing;measurement theory;metrics suite;object coupling measure;object-oriented cohesion measure;object-oriented design;partial evaluation;representation condition;software metrics;sound empirical relation system;validation principles;Guidelines;Network-on-a-chip;Ontologies;Predictive models;Process design;Programming profession;Software design;Software measurement;Software metrics;Testing},
doi={10.1109/32.491650},
ISSN={0098-5589},
month={Apr}
}
