@ARTICLE{McGabe,
  author={McCabe, T.J.},
  journal={Software Engineering, IEEE Transactions on},
  title={A Complexity Measure},
  year={1976},
  volume={SE-2},
  number={4},
  pages={308-320},
  keywords={Basis;complexity measure;control flow;decomposition;graph theory;independence;linear;modularization;programming;reduction;software;testing;Fluid flow measurement;Graph theory;Linear programming;National security;Software engineering;Software maintenance;Software measurement;Software systems;Software testing;System testing;Basis;complexity measure;control flow;decomposition;graph theory;independence;linear;modularization;programming;reduction;software;testing},
  doi={10.1109/TSE.1976.233837},
  ISSN={0098-5589},
  month={Dec}
}
