@article{M76,
    author={McCabe, T.J.},
    journal={Software Engineering, IEEE Transactions on},
    title={A Complexity Measure},
    year={1976},
    volume={SE-2},
    number={4},
    pages={308-320},
    keywords={Basis;complexity measure;control flow;decomposition;graph theory;independence;linear;modularization;programming;reduction;software;testing;Fluid flow measurement;Graph theory;Linear programming;National security;Software engineering;Software maintenance;Software measurement;Software systems;Software testing;System testing;Basis;complexity measure;control flow;decomposition;graph theory;independence;linear;modularization;programming;reduction;software;testing},
    doi={10.1109/TSE.1976.233837},
    ISSN={0098-5589},
    month={Dec}
}

@article{CK94,
    author={Chidamber, S.R. and Kemerer, C.F.},
    journal={Software Engineering, IEEE Transactions on},
    title={A metrics suite for object oriented design},
    year={1994},
    volume={20},
    number={6},
    pages={476-493},
    keywords={object-oriented methods;object-oriented programming;software metrics;automated data collection tool;measurement principles;metrics suite;object oriented design;object oriented programming;organization;process improvement;software development;software measures;Application software;Engineering management;Information management;Information technology;Ontologies;Programming;Software development management;Software engineering;Software measurement;Technology management},
    doi={10.1109/32.295895},
    ISSN={0098-5589},
    month={Jun}
}

@article{CK91,
    author = {Chidamber, Shyam R. and Kemerer, Chris F.},
    title = {Towards a Metrics Suite for Object Oriented Design},
    journal = {SIGPLAN Not.},
    issue_date = {Nov. 1991},
    volume = {26},
    number = {11},
    month = nov,
    year = {1991},
    issn = {0362-1340},
    pages = {197--211},
    numpages = {15},
    url = {http://doi.acm.org/10.1145/118014.117970},
    doi = {10.1145/118014.117970},
    acmid = {117970},
    publisher = {ACM},
    address = {New York, NY, USA}
}

@article{W88,
    author={Weyuker, E.J.},
    journal={Software Engineering, IEEE Transactions on},
    title={Evaluating software complexity measures},
    year={1988},
    volume={14},
    number={9},
    pages={1357-1365},
    keywords={software engineering;cyclomatic number;data flow complexity;effort measure;software complexity measures;software engineering;statement count;syntactic software complexity;synthetic complexity;Arithmetic;Computer languages;Computer science;Concrete;Fluid flow measurement;Particle measurements;Software measurement;Software metrics;Software reliability;Software testing},
    doi={10.1109/32.6178},
    ISSN={0098-5589},
    month={Sep}
}

@article{SK03,
    author={Subramanyam, R. and Krishnan, M.S.},
    journal={Software Engineering, IEEE Transactions on},
    title={Empirical analysis of CK metrics for object-oriented design complexity: implications for software defects},
    year={2003},
    volume={29},
    number={4},
    pages={297-310},
    keywords={object-oriented programming;program debugging;software metrics;C++;CK metric analysis;Java;OO design complexity metrics;object-oriented design complexity;software defect determination;software defects;software development;software quality;Application software;Computer industry;Computer languages;Industrial control;Java;Productivity;Programming;Size control;Software design;Software quality},
    doi={10.1109/TSE.2003.1191795},
    ISSN={0098-5589},
    month={April}
}

@article{GKMS00,
    author={Graves, T.L. and Karr, A.F. and Marron, J.S. and Siy, H.},
    journal={Software Engineering, IEEE Transactions on},
    title={Predicting fault incidence using software change history},
    year={2000},
    volume={26},
    number={7},
    pages={653-661},
    keywords={management of change;software fault tolerance;software maintenance;software metrics;change history;change management data;code decay;fault incidence;fault potential;metrics;software change history;statistical analysis;Aging;Degradation;History;Length measurement;Predictive models;Software development management;Software measurement;Software systems;Statistical analysis;Time measurement},
    doi={10.1109/32.859533},
    ISSN={0098-5589},
    month={Jul}
}

@article{BBM96,
    author={Basili, V.R. and Briand, L.C. and Melo, W.L.},
    journal={Software Engineering, IEEE Transactions on},
    title={A validation of object-oriented design metrics as quality indicators},
    year={1996},
    volume={22},
    number={10},
    pages={751-761},
    keywords={C language;information systems;object-oriented languages;object-oriented methods;software maintenance;software metrics;software quality;C++ programming language;class maintenance changes;data set;fault-prone classes;information management systems;metric validation;object oriented analysis;object-oriented design metrics;sequential life cycle model;software development;software quality indicators;Computer languages;Costs;Design methodology;Object oriented modeling;Predictive models;Programming;Resource management;Software maintenance;Software systems;System testing},
    doi={10.1109/32.544352},
    ISSN={0098-5589},
    month={Oct}
}

@article{HM96,
    author={Hitz, M.},
    journal={Software Engineering, IEEE Transactions on},
    title={Chidamber and Kemerer's metrics suite: a measurement theory perspective},
    year={1996},
    volume={22},
    number={4},
    pages={267-271},
    keywords={object-oriented methods;object-oriented programming;program testing;program verification;software metrics;empirical testing;measurement theory;metrics suite;object coupling measure;object-oriented cohesion measure;object-oriented design;partial evaluation;representation condition;software metrics;sound empirical relation system;validation principles;Guidelines;Network-on-a-chip;Ontologies;Predictive models;Process design;Programming profession;Software design;Software measurement;Software metrics;Testing},
    doi={10.1109/32.491650},
    ISSN={0098-5589},
    month={Apr}
}

@article{IEEE90,
    journal={IEEE Std 610.12-1990},
    title={IEEE Standard Glossary of Software Engineering Terminology},
    year={1990},
    pages={1-84},
    keywords={glossaries;software engineering;standards;IEEE Std 610.12-1990;software engineering terminology;standard glossary;Software engineering;Standards;Terminology;Definitions;Software engineering;dictionary;glossary;terminology},
    doi={10.1109/IEEESTD.1990.101064},
    month={Dec}
}

@misc{ISO9000,
    author = {ISO},
    title = {Quality management systems – Fundamentals and vocabulary},
    year = {2005},
    url = {http://www.iso.org/iso/home/store/catalogue_ics/catalogue_detail_ics.htm?csnumber=42180},
    keywords = {ISO 9000, software quality}
}

@book{G04,
    title={Software quality assurance: from theory to implementation},
    author={Galin, Daniel},
    year={2004},
    publisher={Addison-Wesley}
}

@book{JGB74,
    title={Quality control handbook},
    year={1974},
    author={Juran, Joseph M and Gryna, FM and Bingham Jr, RS},
    journal={McGraw-Hill book Company, Chapters},
    volume={9},
    pages={22}
}

@book{PI92,
    title={Software engineering: a practitioner's approach},
    author={Pressman, Roger S and Ince, Darrel},
    volume={5},
    year={1992},
    publisher={McGraw-hill New York}
}

@inproceedings{MD06,
    author={Mnkandla, E. and Dwolatzky, B.},
    booktitle={Software Engineering Advances, International Conference on},
    title={Defining Agile Software Quality Assurance},
    year={2006},
    month={Oct.},
    pages={36-36},
    keywords={Logic testing;Programming;Q factor;Quality assurance;Quality management;Software engineering;Software quality;Software testing;Taxonomy;Writing;Agile methodologies;agile quality assurance;software development;software quality.},
    doi={10.1109/ICSEA.2006.261292}
}

@misc{ISO25010,
    author = {ISO/IEC},
    title = {Systems and software engineering – Systems and software Quality Requirements and Evaluation (SQuaRE) – System and software quality models},
    year = {2011},
    url = {http://www.iso.org/iso/home/store/catalogue_ics/catalogue_detail_ics.htm?csnumber=35733},
    keywords = {ISO/IEC 25010, software quality}
}

@article{B73,
    title={Quantitative Assessment},
    author={Boehm, B},
    journal={Datamation},
    volume={19},
    number={5},
    pages={49--57},
    year={1973}
}

@book{LB85,
    editor = {Lehman, M. M. and Belady, L. A.},
    title = {Program Evolution: Processes of Software Change},
    year = {1985},
    isbn = {0-12-442440-6},
    publisher = {Academic Press Professional, Inc.},
    address = {San Diego, CA, USA},
}

@inproceedings{ZN08,
    author = {Zimmermann, Thomas and Nagappan, Nachiappan},
    title = {Predicting Defects Using Network Analysis on Dependency Graphs},
    booktitle = {Proceedings of the 30th International Conference on Software Engineering},
    series = {ICSE '08},
    year = {2008},
    isbn = {978-1-60558-079-1},
    location = {Leipzig, Germany},
    pages = {531--540},
    numpages = {10},
    url = {http://doi.acm.org/10.1145/1368088.1368161},
    doi = {10.1145/1368088.1368161},
    acmid = {1368161},
    publisher = {ACM},
    address = {New York, NY, USA},
    keywords = {defect prediction, dependency graph, network analysis, windows server 2003},
}

@inproceedings{MJ03,
    author={Molokken, K. and Jorgensen, M.},
    booktitle={Empirical Software Engineering, 2003. ISESE 2003. Proceedings. 2003 International Symposium on},
    title={A review of software surveys on software effort estimation},
    year={2003},
    pages={223-230},
    keywords={project management;software cost estimation;average cost overrun;effort overrun;estimation knowledge;expert judgment;formal estimation models;schedule overruns;software effort estimation;software projects;software surveys;Chaos;Computer industry;Costs;Job shop scheduling;Laboratories;Processor scheduling;Project management;Software engineering;Software performance;Writing},
    doi={10.1109/ISESE.2003.1237981},
    month={Sept}
}

@book{DM86,
    title={Controlling software projects: Management, measurement, and estimates},
    author={DeMarco, Tom},
    year={1986},
    publisher={Prentice Hall PTR}
}

@article{B84,
    author={Boehm, B.W.},
    journal={Software Engineering, IEEE Transactions on},
    title={Software Engineering Economics},
    year={1984},
    volume={SE-10},
    number={1},
    pages={4-21},
    keywords={Analytical models;Costs;Engineering management;Life estimation;Microeconomics;Power generation economics;Resource management;Software engineering;Software prototyping;State estimation;Computer programming costs;cost models;management decision aids;software cost estimation;software economics;software engineering;software management},
    doi={10.1109/TSE.1984.5010193},
    ISSN={0098-5589},
    month={Jan}
}

@article{MT04,
    author={Mens, T. and Tourwe, T.},
    journal={Software Engineering, IEEE Transactions on},
    title={A survey of software refactoring},
    year={2004},
    volume={30},
    number={2},
    pages={126-139},
    keywords={bibliographies;object-oriented programming;programming environments;reverse engineering;software maintenance;software quality;software reusability;coding technique;coding tools;construction tool;programming environment;reverse engineering;software refactoring;Buildings;Costs;Programming environments;Reverse engineering;Software maintenance;Software quality;Software reusability;Software tools;Spirals;Taxonomy},
    doi={10.1109/TSE.2004.1265817},
    ISSN={0098-5589},
    month={Feb}
}

@article{CALO94,
    author={Coleman, D. and Ash, D. and Lowther, B. and Oman, P.},
    journal={Computer},
    title={Using metrics to evaluate software system maintainability},
    year={1994},
    volume={27},
    number={8},
    pages={44-49},
    keywords={computational complexity;software maintenance;software metrics;complexity metrics;consistent application;inherent complexity;measuring tools;modeling tools;relative complexity;software metrics;software system maintainability evaluation;Computer industry;Costs;Embedded software;Large-scale systems;Software engineering;Software maintenance;Software measurement;Software metrics;Software quality;Software systems},
    doi={10.1109/2.303623},
    ISSN={0018-9162},
    month={Aug}
}

@article{G83,
    author = {Guimaraes, Tor},
    title = {Managing Application Program Maintenance Expenditures},
    journal = {Commun. ACM},
    issue_date = {Oct. 1983},
    volume = {26},
    number = {10},
    month = oct,
    year = {1983},
    issn = {0001-0782},
    pages = {739--746},
    numpages = {8},
    url = {http://doi.acm.org/10.1145/358413.358421},
    doi = {10.1145/358413.358421},
    acmid = {358421},
    publisher = {ACM},
    address = {New York, NY, USA},
    keywords = {application program maintenance, managing application program maintenance expenditures}
}

@inproceedings{ME98,
    author={Munson, J.C. and Elbaum, S.G.},
    booktitle={Software Maintenance, 1998. Proceedings., International Conference on},
    title={Code churn: a measure for estimating the impact of code change},
    year={1998},
    pages={24-31},
    keywords={embedded systems;software maintenance;software metrics;software tools;code change impact estimation;code churn;code complexity churn;fault surrogate;large embedded software system;methodology;software development process;software evolution process;software maintenance;software tools;source code static measurement;Computer science;Fault detection;Fault diagnosis;Programming;Software measurement;Software systems;Software testing;System testing;Tellurium;Time measurement},
    doi={10.1109/ICSM.1998.738486},
    ISSN={1063-6773},
    month={Nov}
}

@inproceedings{FM00,
    author = {Fenton, Norman E. and Neil, Martin},
    title = {Software Metrics: Roadmap},
    booktitle = {Proceedings of the Conference on The Future of Software Engineering},
    series = {ICSE '00},
    year = {2000},
    isbn = {1-58113-253-0},
    location = {Limerick, Ireland},
    pages = {357--370},
    numpages = {14},
    url = {http://doi.acm.org/10.1145/336512.336588},
    doi = {10.1145/336512.336588},
    acmid = {336588},
    publisher = {ACM},
    address = {New York, NY, USA},
    keywords = {Bayesian belief nets, casual models, multi-criteria decision aid, risk assessment, software metrics},
}

@inproceedings{NBZ06,
 author = {Nagappan, Nachiappan and Ball, Thomas and Zeller, Andreas},
 title = {Mining Metrics to Predict Component Failures},
 booktitle = {Proceedings of the 28th International Conference on Software Engineering},
 series = {ICSE '06},
 year = {2006},
 isbn = {1-59593-375-1},
 location = {Shanghai, China},
 pages = {452--461},
 numpages = {10},
 url = {http://doi.acm.org/10.1145/1134285.1134349},
 doi = {10.1145/1134285.1134349},
 acmid = {1134349},
 publisher = {ACM},
 address = {New York, NY, USA},
 keywords = {bug database, complexity metrics, empirical study, principal component analysis, regression model},
}

@article{FN99,
  author={Fenton, N.E. and Neil, M.},
  journal={Software Engineering, IEEE Transactions on},
  title={A critique of software defect prediction models},
  year={1999},
  volume={25},
  number={5},
  pages={675-689},
  keywords={belief networks;program testing;software maintenance;software metrics;software quality;software reliability;Bayesian belief networks;holistic models;literature review;multivariate approach;software decomposition;software defect prediction models;software engineering;software maintenance;software metrics;software quality;statistical models;Bayesian methods;Computer Society;Predictive models;Process design;Software maintenance;Software metrics;Software quality;Software systems;Software testing;System testing},
  doi={10.1109/32.815326},
  ISSN={0098-5589},
  month={Sep}
}

@article{FNMHMKM07,
    title = {Predicting software defects in varying development lifecycles using Bayesian nets},
    journal = {Information and Software Technology},
    volume = {49},
    number = {1},
    pages = {32 - 43},
    year = {2007},
    note = {Most Cited Journal articles in Software Engineering - 2000},
    issn = {0950-5849},
    doi = {http://dx.doi.org/10.1016/j.infsof.2006.09.001},
    url = {http://www.sciencedirect.com/science/article/pii/S0950584906001194},
    author = {Norman Fenton and Martin Neil and William Marsh and Peter Hearty and David Marquez and Paul Krause and Rajat Mishra},
    keywords = {Causal models, Dynamic Bayesian networks, Software defects, Decision support}
}

@misc{BBB00,
  title = {Manifesto for Agile Software Development},
  author = {Beck, Kent and Beedle, Mike and van Bennekum, Arie and Cockburn, Alistair and Cunningham, Ward and Fowler, Martin and Grenning, James and Highsmith, Jim and Hunt, Andrew and Jeffries, Ron and Kern, Jon and Marick, Brian and Martin, Robert C. and Mellor, Steve and Schwaber, Ken and Sutherland, Jeff and Thomas, Dave},
  year = {2001},
  url = {http://agilemanifesto.org/},
  keywords = {agile development manifesto software}
}

@inproceedings{HH05,
  author={Hassan, A.E. and Holt, R.C.},
  booktitle={Software Maintenance, 2005. ICSM'05. Proceedings of the 21st IEEE International Conference on},
  title={The top ten list: dynamic fault prediction},
  year={2005},
  pages={263-272},
  keywords={software development management;software fault tolerance;FreeBSD;KDE;KOffice;NetBSD;OpenBSD;database management system;dynamic fault prediction;open source project;software development;top ten list;Database systems;Financial management;Operating systems;Productivity;Programming;Project management;Quality management;Resource management;Software development management;Testing},
  doi={10.1109/ICSM.2005.91},
  ISSN={1063-6773},
  month={Sept}
}

@inproceedings{NB05,
    author={Nagappan, N. and Ball, T.},
    booktitle={Software Engineering, 2005. ICSE 2005. Proceedings. 27th International Conference on},
    title={Use of relative code churn measures to predict system defect density},
    year={2005},
    pages={284-292},
    keywords={regression analysis;software metrics;systems analysis;multiple regression;principal component analysis;relative code churn measures;statistical regression;system defect density prediction;Automatic control;Computer science;Control systems;Density measurement;History;Software engineering;Software measurement;Software quality;Software systems;Time measurement},
    doi={10.1109/ICSE.2005.1553571},
    month={May}
}

@book{H77,
    title={Elements of Software Science (Operating and programming systems series)},
    author={Halstead, Maurice H},
    year={1977},
    publisher={Elsevier Science Inc.}
}

@inproceedings{CSM79,
 author = {Curtis, Bill and Sheppard, Sylvia B. and Milliman, Phil},
 title = {Third Time Charm: Stronger Prediction of Programmer Performance by Software Complexity Metrics},
 booktitle = {Proceedings of the 4th International Conference on Software Engineering},
 series = {ICSE '79},
 year = {1979},
 location = {Munich, Germany},
 pages = {356--360},
 numpages = {5},
 url = {http://dl.acm.org/citation.cfm?id=800091.802959},
 acmid = {802959},
 publisher = {IEEE Press},
 address = {Piscataway, NJ, USA},
}

@article{LH93,
    title = {Object-Oriented Software Object-oriented metrics that predict maintainability},
    journal = {Journal of Systems and Software},
    volume = {23},
    number = {2},
    pages = {111 - 122},
    year = {1993},
    issn = {0164-1212},
    doi = {http://dx.doi.org/10.1016/0164-1212(93)90077-B},
    url = {http://www.sciencedirect.com/science/article/pii/016412129390077B},
    author = {Wei Li and Sallie Henry}
}

@article{M65,
    title={Programming real-time computer systems},
    author={Martin, James},
    year={1965},
    publisher={Prentice-Hall}
}

@article{H72,
    author = {Halstead, M. H.},
    title = {Natural Laws Controlling Algorithm Structure?},
    journal = {SIGPLAN Not.},
    issue_date = {February 1972},
    volume = {7},
    number = {2},
    month = feb,
    year = {1972},
    issn = {0362-1340},
    pages = {19--26},
    numpages = {8},
    url = {http://doi.acm.org/10.1145/953363.953366},
    doi = {10.1145/953363.953366},
    acmid = {953366},
    publisher = {ACM},
    address = {New York, NY, USA}
}

@book{B94,
    author = {Booch, Grady},
    title = {Object-oriented Analysis and Design with Applications (2Nd Ed.)},
    year = {1994},
    isbn = {0-8053-5340-2},
    publisher = {Benjamin-Cummings Publishing Co., Inc.},
    address = {Redwood City, CA, USA},
}

@inproceedings{KZWZ07,
  title={Predicting faults from cached history},
  author={Kim, Sunghun and Zimmermann, Thomas and Whitehead Jr, E James and Zeller, Andreas},
  booktitle={Proceedings of the 29th international conference on Software Engineering},
  pages={489--498},
  year={2007},
  organization={IEEE Computer Society}
}

@inproceedings{RPHBD11,
  title={BugCache for inspections: hit or miss?},
  author={Rahman, Foyzur and Posnett, Daryl and Hindle, Abram and Barr, Earl and Devanbu, Premkumar},
  booktitle={Proceedings of the 19th ACM SIGSOFT symposium and the 13th European conference on Foundations of software engineering},
  pages={322--331},
  year={2011},
  organization={ACM}
}

@article{GFS05,
  author={Gyimothy, T. and Ferenc, R. and Siket, I.},
  journal={Software Engineering, IEEE Transactions on},
  title={Empirical validation of object-oriented metrics on open source software for fault prediction},
  year={2005},
  volume={31},
  number={10},
  pages={897-910},
  keywords={database management systems;fault diagnosis;formal verification;object-oriented methods;object-oriented programming;public domain software;software fault tolerance;software metrics;software quality;Bugzilla bug database;Mozilla;fault prediction;fault-proneness detection;object-oriented metrics;open source Web;open source software;software quality;software reliability;Computer bugs;Computer industry;Electronic mail;Fault detection;Learning systems;Object oriented databases;Open source software;Quality management;Software development management;Software systems;Bugzilla;C++;Columbus.;Index Terms- Fact extraction;Mozilla;compiler wrapping;fault-proneness detection;metrics validation;open source software;reverse engineering},
  doi={10.1109/TSE.2005.112},
  ISSN={0098-5589},
  month={Oct}
}

@article{T02,
  title={The economic impacts of inadequate infrastructure for software testing},
  author={Tassey, Gregory},
  journal={National Institute of Standards and Technology, RTI Project},
  volume={7007},
  number={011},
  year={2002},
  publisher={Citeseer}
}

@inproceedings{ERW10,
  author={Engstrom, E. and Runeson, P. and Wikstrand, G.},
  booktitle={Software Testing, Verification and Validation (ICST), 2010 Third International Conference on},
  title={An Empirical Evaluation of Regression Testing Based on Fix-Cache Recommendations},
  year={2010},
  pages={75-78},
  keywords={embedded systems;program testing;regression analysis;software engineering;embedded system;fault prone files;fix cache recommendation;multimillion LOC product;regression test selection strategy;regression testing empirical evaluation;test case execution;Costs;Embedded system;Fault diagnosis;Iterative methods;Joining processes;Logic testing;Monitoring;Software engineering;Software testing;System testing},
  doi={10.1109/ICST.2010.40},
  month={April}
}

@article{SZZ05,
 author = {\'{S}liwerski, Jacek and Zimmermann, Thomas and Zeller, Andreas},
 title = {When Do Changes Induce Fixes?},
 journal = {SIGSOFT Softw. Eng. Notes},
 issue_date = {July 2005},
 volume = {30},
 number = {4},
 month = may,
 year = {2005},
 issn = {0163-5948},
 pages = {1--5},
 numpages = {5},
 url = {http://doi.acm.org/10.1145/1082983.1083147},
 doi = {10.1145/1082983.1083147},
 acmid = {1083147},
 publisher = {ACM},
 address = {New York, NY, USA},
}

@inproceedings{KZKW06,
  author={Sunghun Kim and Zimmermann, T. and Kai Pan and Whitehead, E.J.},
  booktitle={Automated Software Engineering, 2006. ASE '06. 21st IEEE/ACM International Conference on},
  title={Automatic Identification of Bug-Introducing Changes},
  year={2006},
  pages={81-90},
  keywords={configuration management;graph theory;program debugging;annotation graphs;automatic bug identification;bug fixing;false negatives;false positives;nonsemantic source code changes;outlier fix;software bugs;Computer bugs;Computer industry;Electrical equipment industry;Fixtures;History;Inspection;Open source software;Project management;Risk analysis;Software debugging},
  doi={10.1109/ASE.2006.23},
  ISSN={1938-4300},
  month={Sept}
}

@inproceedings{SLLZW11,
 author = {Sadowski, Caitlin and Lewis, Chris and Lin, Zhongpeng and Zhu, Xiaoyan and Whitehead,Jr., E. James},
 title = {An Empirical Analysis of the FixCache Algorithm},
 booktitle = {Proceedings of the 8th Working Conference on Mining Software Repositories},
 series = {MSR '11},
 year = {2011},
 isbn = {978-1-4503-0574-7},
 location = {Waikiki, Honolulu, HI, USA},
 pages = {219--222},
 numpages = {4},
 url = {http://doi.acm.org/10.1145/1985441.1985475},
 doi = {10.1145/1985441.1985475},
 acmid = {1985475},
 publisher = {ACM},
 address = {New York, NY, USA},
 keywords = {fixcache, software bug prediction},
}

@inproceedings{WFGWW09,
  author={Wikstrand, G. and Feldt, R. and Gorantla, J.K. and Wang Zhe and White, C.},
  booktitle={Software Testing Verification and Validation, 2009. ICST '09. International Conference on},
  title={Dynamic Regression Test Selection Based on a File Cache An Industrial Evaluation},
  year={2009},
  pages={299-302},
  keywords={cache storage;regression analysis;cache hit rates;dynamic regression test selection;fault-prone files;file cache;industrial evaluation;real-time software system;Automatic testing;Computer industry;Costs;Maintenance;Monitoring;Real time systems;Software safety;Software systems;Software testing;System testing;Case study;Industrial evaluation;Regression testing},
  doi={10.1109/ICST.2009.42},
  month={April}
}

@inproceedings{A79,
  title={Measuring application development productivity},
  author={Albrecht, Allan J},
  booktitle={Proceedings of the Joint SHARE/GUIDE/IBM Application Development Symposium},
  volume={10},
  pages={83--92},
  year={1979}
}

@inproceedings{TKC99,
  author={Mei-Huei Tang and Ming-Hung Kao and Mei-Hwa Chen},
  booktitle={Software Metrics Symposium, 1999. Proceedings. Sixth International},
  title={An empirical study on object-oriented metrics},
  year={1999},
  pages={242-249},
  keywords={object-oriented programming;program testing;real-time systems;software metrics;industrial real-time systems;object management faults;object oriented faults;object oriented testing;object-oriented design metrics;program testing;Costs;Electrical capacitance tomography;Encapsulation;Fault detection;Hip;Independent component analysis;Microwave integrated circuits;Performance evaluation;Software metrics;Testing},
  doi={10.1109/METRIC.1999.809745},
  month={}
}

@article{OEGQ07,
  author={Olague, H.M. and Etzkorn, L.H. and Gholston, S. and Quattlebaum, S.},
  journal={Software Engineering, IEEE Transactions on},
  title={Empirical Validation of Three Software Metrics Suites to Predict Fault-Proneness of Object-Oriented Classes Developed Using Highly Iterative or Agile Software Development Processes},
  year={2007},
  volume={33},
  number={6},
  pages={402-419},
  keywords={Java;object-oriented programming;regression analysis;software metrics;software quality;JavaScript;agile software development process;fault-prone prediction;iterative software development process;multivariate binary logistic regression model;object-oriented class;object-oriented design;software metrics;software quality;statistical analysis;Computer industry;Java;Logistics;Mood;Object oriented modeling;Open source software;Programming;Software maintenance;Software metrics;Software quality;Object-oriented software metrics;object-oriented metrics;software maintenance programming;software quality metrics;software reuse.},
  doi={10.1109/TSE.2007.1015},
  ISSN={0098-5589},
  month={June}
}

@article{SC93,
 author = {Sharble, Robert C. and Cohen, Samuel S.},
 title = {The Object-oriented Brewery: A Comparison of Two Object-oriented Development Methods},
 journal = {SIGSOFT Softw. Eng. Notes},
 issue_date = {April 1993},
 volume = {18},
 number = {2},
 month = apr,
 year = {1993},
 issn = {0163-5948},
 pages = {60--73},
 numpages = {14},
 url = {http://doi.acm.org/10.1145/159420.155839},
 doi = {10.1145/159420.155839},
 acmid = {155839},
 publisher = {ACM},
 address = {New York, NY, USA},
}

@article{FN99-2,
  title = "Software metrics: successes, failures and new directions ",
  journal = "Journal of Systems and Software ",
  volume = "47",
  number = "2–3",
  pages = "149 - 157",
  year = "1999",
  note = "",
  issn = "0164-1212",
  doi = "http://dx.doi.org/10.1016/S0164-1212(99)00035-7",
  url = "http://www.sciencedirect.com/science/article/pii/S0164121299000357",
  author = "Norman E Fenton and Martin Neil"
}

@inproceedings{LLL08,
 author = {Lincke, R\"{u}diger and Lundberg, Jonas and L\"{o}we, Welf},
 title = {Comparing Software Metrics Tools},
 booktitle = {Proceedings of the 2008 International Symposium on Software Testing and Analysis},
 series = {ISSTA '08},
 year = {2008},
 isbn = {978-1-60558-050-0},
 location = {Seattle, WA, USA},
 pages = {131--142},
 numpages = {12},
 url = {http://doi.acm.org/10.1145/1390630.1390648},
 doi = {10.1145/1390630.1390648},
 acmid = {1390648},
 publisher = {ACM},
 address = {New York, NY, USA},
 keywords = {comparing tools, software quality metrics},
}

@inproceedings{SS10,
  author={Sfetsos, Panagiotis and Stamelos, I.},
  booktitle={Quality of Information and Communications Technology (QUATIC), 2010 Seventh International Conference on the},
  title={Empirical Studies on Quality in Agile Practices: A Systematic Literature Review},
  year={2010},
  pages={44-53},
  keywords={program testing;software prototyping;software quality;agile practices;pair programming;product quality;systematic literature Review;test first development;Book reviews;IEC standards;ISO standards;Measurement;Programming;Software;Systematics;ISO/IEC 12207;ISO/IEC 9126;agile methods;agile practices;empirical studies;pair programming;quality;systematic literature review;test-driven development;test-first development},
  doi={10.1109/QUATIC.2010.17},
  month={Sept}
}
